<?xml version='1.0' encoding='UTF-8'?>
<record xmlns="http://www.loc.gov/MARC21/slim">
  <leader>02682cam a2200409 a 4500</leader>
  <controlfield tag="001">2794671</controlfield>
  <controlfield tag="003">NjP</controlfield>
  <controlfield tag="005">20171013182930.0</controlfield>
  <controlfield tag="008">000215s1900    mr            000 0 ara d</controlfield>
  <datafield tag="024" ind1="7" ind2=" ">
    <subfield code="a">princeton_aco001727</subfield>
    <subfield code="2">local</subfield>
  </datafield>
  <datafield ind1=" " ind2=" " tag="035">
    <subfield code="a">(OCoLC)ocn178733789</subfield>
  </datafield>
  <datafield ind1=" " ind2=" " tag="035">
    <subfield code="a">(OCoLC)178733789</subfield>
  </datafield>
  <datafield ind1=" " ind2=" " tag="035">
    <subfield code="9">CNK4612TS</subfield>
  </datafield>
  <datafield ind1=" " ind2=" " tag="035">
    <subfield code="a">(NjP)2794671</subfield>
  </datafield>
  <datafield ind1=" " ind2=" " tag="040">
    <subfield code="a">NjP</subfield>
    <subfield code="c">PUL</subfield>
    <subfield code="d">PUL</subfield>
  </datafield>
  <datafield ind1=" " ind2=" " tag="049">
    <subfield code="a">PULL</subfield>
  </datafield>
  <datafield ind1=" " ind2=" " tag="079">
    <subfield code="a">ocm79291628</subfield>
  </datafield>
  <datafield ind1="1" ind2=" " tag="100">
    <subfield code="6">880-01</subfield>
    <subfield code="a">Binnīs, Muḥammad ibn Aḥmad,</subfield>
    <subfield code="d">approximately 1747-1798 or 1799.</subfield>
    <subfield code="0">http://id.loc.gov/authorities/names/n86801414</subfield>
  </datafield>
  <datafield ind1="1" ind2="0" tag="245">
    <subfield code="6">880-02</subfield>
    <subfield code="a">Bahjat al-baṣar fī sharḥ farāʼiḍ al-Mukhtaṣar /</subfield>
    <subfield code="c">lil-Shaykh Muḥammad ibn Aḥmad Binnīs ʻalá farāʼiḍ Ḍiyāʼ al-Dīn Abī al-Mawaddah Khalīl. Wa-bi-ḥāmishihi Ḥāshiyat al-Shaykh al-faqīh al-ʻallāmah Khātimat al-Muḥaqqiqīn Abī ʻAbd Allāh Sayyidī al-Ḥājj Muḥammad ibn al-Madanī Jannūn.</subfield>
  </datafield>
  <datafield ind1=" " ind2=" " tag="260">
    <subfield code="a">[Morocco :</subfield>
    <subfield code="b">s.n.],</subfield>
    <subfield code="c">1318 [1900]</subfield>
  </datafield>
  <datafield ind1=" " ind2=" " tag="300">
    <subfield code="a">1 v. (various pagings) ;</subfield>
    <subfield code="c">22 cm.</subfield>
  </datafield>
  <datafield ind1=" " ind2="0" tag="650">
    <subfield code="a">Islamic law</subfield>
    <subfield code="x">Interpretation and construction.</subfield>
    <subfield code="0">http://id.loc.gov/authorities/subjects/sh85068455</subfield>
  </datafield>
  <datafield ind1="0" ind2="0" tag="600">
    <subfield code="6">880-03</subfield>
    <subfield code="a">Khalīl ibn Isḥāq al-Jundī,</subfield>
    <subfield code="d">-1365?</subfield>
    <subfield code="t">Mukhtaṣar.</subfield>
  </datafield>
  <datafield ind1="1" ind2="0" tag="600">
    <subfield code="6">880-04</subfield>
    <subfield code="a">Binnīs, Muḥammad ibn Aḥmad,</subfield>
    <subfield code="d">approximately 1747-1798 or 1799.</subfield>
    <subfield code="t">Bahjat al-baṣar fī sharḥ farāʼiḍ al-Mukhtaṣar.</subfield>
  </datafield>
  <datafield ind1=" " ind2="7" tag="655">
    <subfield code="a">Lithographs</subfield>
    <subfield code="z">Morocco</subfield>
    <subfield code="y">1900</subfield>
    <subfield code="2">gmgpc</subfield>
  </datafield>
  <datafield ind1="1" ind2="2" tag="700">
    <subfield code="6">880-05</subfield>
    <subfield code="a">Ibn al-Madanī Jannūn, Muḥammad,</subfield>
    <subfield code="d">-1884 or 1885.</subfield>
    <subfield code="t">Ḥāshiyah ʻalá Bahjat al-baṣar.</subfield>
    <subfield code="0">http://id.loc.gov/authorities/names/nr93000262</subfield>
  </datafield>
  <datafield ind1="0" ind2=" " tag="740">
    <subfield code="6">880-06</subfield>
    <subfield code="a">Ḥāshiyah ʻalá Bahjat al-baṣar.</subfield>
  </datafield>
  <datafield ind1="1" ind2=" " tag="880">
    <subfield code="6">100-01/r</subfield>
    <subfield code="a">بنيس، محمد بن احمد،</subfield>
    <subfield code="d">approximately 1747-1798 or 1799.</subfield>
  </datafield>
  <datafield ind1="1" ind2="0" tag="880">
    <subfield code="6">245-02/r</subfield>
    <subfield code="a">بهجة البصر في شرح فرائض المختصر /</subfield>
    <subfield code="c">للشيخ محمد بن احمد بنيس على فرائض ضياء الدين ابي المودة خليل. وبحامشه حاشية الشيخ الفقيه العلامة خاتمة المحققين ابي عبد الله سيدي الحاج محمد بن المدني جنون.</subfield>
  </datafield>
  <datafield ind1="0" ind2="4" tag="880">
    <subfield code="6">600-03/r</subfield>
    <subfield code="a">خليل بن اسحاق الجندي،</subfield>
    <subfield code="d">-1365?</subfield>
    <subfield code="t">مختصر.</subfield>
  </datafield>
  <datafield ind1="1" ind2="4" tag="880">
    <subfield code="6">600-04/r</subfield>
    <subfield code="a">بنيس، محمد بن احمد،</subfield>
    <subfield code="d">approximately 1747-1798 or 1799.</subfield>
    <subfield code="t">بهجة البصر في شرح فرائض المختصر.</subfield>
  </datafield>
  <datafield ind1="1" ind2="2" tag="880">
    <subfield code="6">700-05/r</subfield>
    <subfield code="a">ابن المدني جنون، محمد،</subfield>
    <subfield code="d">-1884 or 1885.</subfield>
    <subfield code="t">حاشية على بهجة البصر.</subfield>
  </datafield>
  <datafield ind1="0" ind2=" " tag="880">
    <subfield code="6">740-06/r</subfield>
    <subfield code="a">حاشية على بهجة البصر.</subfield>
  </datafield>
  <datafield ind1=" " ind2=" " tag="948">
    <subfield code="a">jeb</subfield>
  </datafield>
  <datafield ind1=" " ind2=" " tag="911">
    <subfield code="a">20000215</subfield>
  </datafield>
  <datafield ind1=" " ind2=" " tag="912">
    <subfield code="a">20000301052805.0</subfield>
  </datafield>
  <datafield ind1=" " ind2=" " tag="994">
    <subfield code="a">C0</subfield>
    <subfield code="b">PUL</subfield>
  </datafield>
  <datafield ind1=" " ind2=" " tag="999">
    <subfield code="a">2794671</subfield>
  </datafield>
  <datafield ind1="0" ind2="0" tag="852">
    <subfield code="0">3106175</subfield>
    <subfield code="b">nec</subfield>
    <subfield code="t">1</subfield>
    <subfield code="h">KBP320.K43</subfield>
    <subfield code="i">A36 1900</subfield>
  </datafield>
  <datafield ind1=" " ind2=" " tag="959">
    <subfield code="a">2000-06-13 00:00:00 -0500</subfield>
  </datafield>
</record>
